@article{VSV95,
author = {V. S. Vladimirov, and I. V. Volovich, and E. I. Zelenov.},
title = {$p$-Adic Analysis and Mathematical Physics.},
journal = {World Scientific},
year = {1995}
}
@inproceedings{Koz06,
author = {Kozyrev, Sergey V.},
title = {Ultrametric analysis and interbasin kinetics},
year = {2006},
publisher = {American Institute of Physics},
pages = {121--128}
}
@article{Dra09,
year={2009},
issn={2070-0466},
journal={$p$-Adic Numbers, Ultrametric Analysis, and Applications},
volume={1},
number={1},
doi={10.1134/S2070046609010038},
title={A $p$-adic model of {DNA} sequence and genetic code},
url={http://dx.doi.org/10.1134/S2070046609010038},
publisher={SP MAIK Nauka/Interperiodica},
keywords={genetic code; codons; p-adic model; DNA and RNA; genomics},
author={Dragovich, B. and Dragovich, A.Yu.},
pages={34-41},
language={English}
}
@inproceedings{Rus12,
  author = {R\={u}si\c{n}\v{s} Freivalds},
  title     = {Ultrametric  automata and {T}uring machines},
  booktitle = {Turing-100},
  editor    = {Andrei Voronkov},
  series    = {EPiC Series},
  volume    = {10},
  pages     = {98-112},
  year      = {2012},
  publisher = {EasyChair},
  bibsource = {EasyChair, http://www.easychair.org},
  issn      = {2040-557X},
}
@article{Mis10,
author = {Alina Vasilieva, Taisia Mischenko-Slatenkova},
title = {Quantum Query Algorithms for Conjunctions},
journal = {Lecture Notes in Computer Science Volume 6079/2010},
year = {2010},
pages = {140-151}
}
@article{Amb02,
author = {Ambainis, Andris },
address = {Berkeley},
title = {Quantum lower bounds by quantum arguments},
journal = {Journal of Computer and System Sciences},
year = {2002},
volume = {64}
}
@article{Buh02,
author = {Buhrman, H., de Wolf, R.},
title = {Complexity Measures and Decision Tree Complexity},
journal = {Theoretical Computer Science 288(1)},
year = {2002},
publisher = {Elsevier},
pages = {21-43}
}
@book{Dem97,
author = {Dembowski, Peter },
title = {Finite Geometries},
year = {1997},
publisher = {Springer}
}
@inproceedings{Vas10,
author = {Vasilieva, Alina and Mischenko-Slatenkova, Taisia },
title = {High Precision Quantum Query Algorithm for Computing},
year = {2010},
publisher = {ACM},
pages = {247-256},
isbn = {ISBN: 978-1-4503-0044-5}
}
@Misc{Mad,
author = {Madore, David A.},
title = {A first introduction to $p$-adic numbers.},
howpublished = {Online},
Url = {http://www.madore.org/~david/math/padics.pdf},
}
@Misc{Jer12,
author = {J\={e}ri\c{n}\v{s}, K\={a}rlis},
title = {Transducers with $p$-adic parameters},
year = {2012},
note = {Bachelor thesis},
}
